@article{De2019,
 author = {Dewitte, V. and De Pauw, R. and Danneels, L. and Bouche, K. and Roets, A. and Cagnie, B.},
 journal = {Brazilian Journal of Physical Therapy},
 number = {5},
 pages = {437-447},
 title = {The interrater reliability of a pain mechanisms-based classification for patients with nonspecific neck pain},
 volume = {23},
 year = {2019}
}

