@article{De2016,
 author = {Coppieters, I. and Meeus, M. and Kregel, J. and Caeyenberghs, K. and De Pauw, R. and Goubert, D. and Cagnie, B.},
 journal = {Journal of Pain},
 number = {9},
 pages = {949-962},
 title = {Relations Between Brain Alterations and Clinical Pain Measures in Chronic Musculoskeletal Pain: A Systematic Review},
 volume = {17},
 year = {2016}
}

