@inproceedings{coppieters2015cognitive,
 author = {Coppieters, Iris and Ickmans, Kelly and Cagnie, Barbara and Nijs, Jo and De Pauw, Robby and Meeus, Mira},
 booktitle = {Pain Science in Motion congress},
 title = {Cognitive performance is related to central sensitization in patients with chronic whiplash-associated disorders and fibromyalgia: a case-control study},
 year = {2015}
}

