@article{De2018,
 author = {Lenoir, D. and De Pauw, R. and Ickmans, K. and Schumacher, C. and Timmers, I. and Kregel, J. and Coppieters, I.},
 journal = {Pain Practice},
 number = {7},
 pages = {850-863},
 title = {Validity and Test?Retest Reliability of the Dutch Modified Perceived Deficits Questionnaire to Examine Cognitive Symptoms in Women with Chronic Whiplash, Chronic Idiopathic Neck Pain, and Fibromyalgia},
 volume = {18},
 year = {2018}
}

