@article{Robby_De_Pauw_75598535,
 author = {Robby De Pauw and Roselien Pas and Emma Rheel and Sophie Van Oosterwijck and Anthe Foubert and Robby De Pauw and Laurence Leysen and Ann Roete and Jo Nijs and Mira Meeus and Kelly Ickmans},
 doi = {10.3390/jcm9061797},
 journal = {Journal of Clinical Medicine},
 title = {Pain Neuroscience Education for Children with Functional Abdominal Pain Disorders: A Randomized Comparative Pilot Study},
 url = {http://doi.org/10.3390/jcm9061797},
 year = {2020}
}

