@article{dewitte2018interrater,
 author = {Dewitte, Vincent and De Pauw, Robby and Danneels, Lieven and Bouche, Katie and Roets, Arne and Cagnie, Barbara},
 journal = {Brazilian journal of physical therapy},
 publisher = {Elsevier},
 title = {The interrater reliability of a pain mechanisms-based classification for patients with nonspecific neck pain},
 year = {2018}
}

