@article{de2015identifying,
 author = {De Pauw, Robby and Kregel, Jeroen and De Blaiser, Cedric and Van Akeleyen, J and Logghe, T and Danneels, Lieven and Cagnie, Barbara},
 journal = {Manual therapy},
 number = {4},
 pages = {592--597},
 publisher = {Churchill Livingstone},
 title = {Identifying prognostic factors predicting outcome in patients with chronic neck pain after multimodal treatment: A retrospective study},
 volume = {20},
 year = {2015}
}

