@article{Triest_2021,
 author = {David Triest and Laurence Geebelen and Robby De Pauw and St√©phane De Craeye and Alexandra Vodolazkaia and Mathieu Verbrugghe and Koen Magerman and Lara-Lauren Robben and Pieter Pannus and Kristof Neven and Dirk Ramaekers and Steven Van Gucht and Katelijne Dierick and Nele Van Loon and Maria E. Goossens and Isabelle Desombere},
 doi = {10.1016/j.jcv.2021.104897},
 journal = {Journal of Clinical Virology},
 month = {sep},
 pages = {104897},
 publisher = {Elsevier BV},
 title = {Performance of five rapid serological tests in mild-diseased subjects using finger prick blood for exposure assessment to SARS-CoV-2},
 url = {https://doi.org/10.1016%2Fj.jcv.2021.104897},
 volume = {142},
 year = {2021}
}

