@article{coppieters2017decreased,
 author = {Coppieters, Iris and De Pauw, Robby and Caeyenberghs, Karen and Danneels, Lieven and Kregel, Jeroen and Pattyn, Astrid and Meeus, Mira and Cagnie, Barbara},
 journal = {Pain physician},
 number = {7},
 pages = {E1025--E1051},
 title = {Decreased regional grey matter volume in women with chronic whiplash-associated disorders: relationships with cognitive deficits and disturbed pain processing},
 volume = {20},
 year = {2017}
}

