@article{coppieters2017differences,
 author = {Coppieters, Iris and De Pauw, Robby and Kregel, Jeroen and Malfliet, Anneleen and Goubert, Dorien and Lenoir, Dorine and Cagnie, Barbara and Meeus, Mira},
 journal = {Physical therapy},
 number = {3},
 pages = {338--353},
 publisher = {Oxford University Press},
 title = {Differences between women with traumatic and idiopathic chronic neck pain and women without neck pain: interrelationships among disability, cognitive deficits, and central sensitization},
 volume = {97},
 year = {2017}
}

