@article{taccone2021role,
 author = {Taccone, Fabio Silvio and Van Goethem, Nina and De Pauw, Robby and Wittebole, Xavier and Blot, Koen and Van Oyen, Herman and Lernout, Tinne and Montourcy, Marion and Meyfroidt, Geert and Van Beckhoven, Dominique and others},
 journal = {The Lancet Regional Health-Europe},
 pages = {100019},
 publisher = {Elsevier},
 title = {The role of organizational characteristics on the outcome of COVID-19 patients admitted to the ICU in Belgium},
 volume = {2},
 year = {2021}
}

