@phdthesis{de2019motor,
 author = {De Pauw, Robby},
 school = {Ghent University},
 title = {The motor brain in chronic neck pain: the association between sensorimotor disturbances and brain alterations in a population of patients with chronic neck pain},
 year = {2019}
}

