@article{goubert2018association,
 author = {Goubert, Dorien and Meeus, Mira and Willems, Tine and De Pauw, Robby and Coppieters, Iris and Crombez, Geert and Danneels, Lieven},
 journal = {Scandinavian Journal of Pain},
 number = {2},
 pages = {281--293},
 publisher = {De Gruyter},
 title = {The association between back muscle characteristics and pressure pain sensitivity in low back pain patients},
 volume = {18},
 year = {2018}
}

