@article{de2019associations,
 author = {De Pauw, Robby and Coppieters, Iris and Caeyenberghs, Karen and Kregel, Jeroen and Aerts, Hannelore and Lenoir, Dorine and Cagnie, Barbara},
 journal = {Human Brain Mapping},
 publisher = {Wiley Online Library},
 title = {Associations between brain morphology and motor performance in chronic neck pain: A whole-brain surface-based morphometry approach},
 year = {2019}
}

