@article{malfliet2017brain,
 author = {Malfliet, Anneleen and Coppieters, Iris and Van Wilgen, Paul and Kregel, Jeroen and De Pauw, Robby and Dolphens, Mieke and Ickmans, Kelly},
 journal = {European Journal of Pain},
 number = {5},
 pages = {769--786},
 publisher = {Wiley Online Library},
 title = {Brain changes associated with cognitive and emotional factors in chronic pain: a systematic review},
 volume = {21},
 year = {2017}
}

