@article{coppieters2014cognitive,
 author = {Coppieters, I and Ickmans, K and Cagnie, B and Nijs, J and De Pauw, R and Noten, S and Meeus, M},
 journal = {Pain physician},
 number = {3},
 pages = {E389--E401},
 title = {Cognitive Performance Is Related to Central Sensitization and Health-related Quality of Life in Patients with Chronic Whiplash-Associated Disorders and Fibromyalgia.},
 volume = {18},
 year = {2014}
}

