@article{coppieters2016relations,
 author = {Coppieters, Iris and Meeus, Mira and Kregel, Jeroen and Caeyenberghs, Karen and De Pauw, Robby and Goubert, Dorien and Cagnie, Barbara},
 journal = {The Journal of Pain},
 number = {9},
 pages = {949--962},
 publisher = {Elsevier},
 title = {Relations between brain alterations and clinical pain measures in chronic musculoskeletal pain: A systematic review},
 volume = {17},
 year = {2016}
}

