@article{de2019morphological,
 author = {De Meulemeester, Kayleigh and Calders, Patrick and Van Dorpe, Jo and De Pauw, Robby and Petrovic, Mirko and Cagnie, Barbara},
 journal = {American journal of physical medicine & rehabilitation},
 number = {2},
 pages = {117--124},
 publisher = {LWW},
 title = {Morphological Differences in the Upper Trapezius Muscle Between Female Office Workers With and Without Trapezius Myalgia: Facts or Fiction?: A Cross-Sectional Study},
 volume = {98},
 year = {2019}
}

