@article{coppieters2016effects,
 author = {Coppieters, Iris and Cagnie, Barbara and Nijs, Jo and Van Oosterwijck, Jessica and Danneels, Lieven and De Pauw, Robby and Meeus, Mira},
 journal = {Pain physician},
 number = {3},
 pages = {119--130},
 title = {Effects of stress and relaxation on central pain modulation in chronic whiplash and fibromyalgia patients compared to healthy controls},
 volume = {19},
 year = {2016}
}

