@article{kregel2017does,
 author = {Kregel, Jeroen and Coppieters, Iris and De Pauw, Robby and Malfliet, Anneleen and Danneels, Lieven and Nijs, Jo and Cagnie, Barbara and Meeus, Mira},
 journal = {Pain physician},
 number = {3},
 pages = {139--154},
 title = {Does conservative treatment change the brain in patients with chronic musculoskeletal pain?: a systematic review},
 volume = {20},
 year = {2017}
}

