@article{de2018motor,
 author = {De Pauw, Robby and Coppieters, Iris and Palmans, Tanneke and Danneels, Lieven and Meeus, Mira and Cagnie, Barbara},
 journal = {The Spine Journal},
 publisher = {Elsevier},
 title = {Motor impairment in patients with chronic neck pain: does the traumatic event play a significant role? A case-control study},
 year = {2018}
}

