@article{de2017morphological,
 author = {De Meulemeester, Kayleigh and Calders, Patrick and De Pauw, Robby and Grymonpon, Ine and Govaerts, Anke and Cagnie, Barbara},
 journal = {Musculoskeletal Science and Practice},
 pages = {43--51},
 publisher = {Elsevier},
 title = {Morphological and physiological differences in the upper trapezius muscle in patients with work-related trapezius myalgia compared to healthy controls: A systematic review},
 volume = {29},
 year = {2017}
}

