@article{PMID:33290364,
 author = {Eveline VL and Cagnie B and Coppieters I and Meeus M and De Pauw R},
 doi = {10.1097/brs.0000000000003856},
 journal = {Spine},
 month = {12},
 title = {Changes in Muscle Morphology in Female Chronic Neck Pain Patients Using Magnetic Resonance Imaging.},
 year = {2020}
}

