@article{de2017traumatic,
 author = {De Pauw, Robby and Coppieters, Iris and Meeus, Mira and Caeyenberghs, Karen and Danneels, Lieven and Cagnie, Barbara},
 journal = {Pain physician},
 number = {4},
 pages = {245--260},
 title = {Is traumatic and non-traumatic neck pain associated with brain alterations?: a systematic review},
 volume = {20},
 year = {2017}
}

