@article{malfliet2018effect,
 author = {Malfliet, Anneleen and Kregel, Jeroen and Coppieters, Iris and De Pauw, Robby and Meeus, Mira and Roussel, Nathalie and Cagnie, Barbara and Danneels, Lieven and Nijs, Jo},
 journal = {JAMA neurology},
 title = {Effect of Pain Neuroscience Education Combined With Cognition-Targeted Motor Control Training on Chronic Spinal Pain: A Randomized Clinical Trial},
 year = {2018}
}

