@article{De2021,
 author = {Mukhtar, N.B. and Meeus, M. and Gursen, C. and Mohammed, J. and De Pauw, R. and Cagnie, B.},
 journal = {Evaluation and the Health Professions},
 title = {Effectiveness of Hands-Off Therapy in the Management of Primary Headache: A Systematic Review and Meta-Analysis},
 year = {2021}
}

