@article{dewitte2018clinical,
 author = {Dewitte, Vincent and De Pauw, Robby and De Meulemeester, Kayleigh and Peersman, Wim and Danneels, Lieven and Bouche, Katie and Roets, Arne and Cagnie, Barbara},
 journal = {Musculoskeletal Science and Practice},
 pages = {66--76},
 publisher = {Elsevier},
 title = {Clinical classification criteria for nonspecific low back pain: A Delphi-survey of clinical experts},
 volume = {34},
 year = {2018}
}

