@article{De2017,
 author = {Goubert, D. and De Pauw, R. and Meeus, M. and Willems, T. and Cagnie, B. and Schouppe, S. and Van Oosterwijck, J. and Dhondt, E. and Danneels, L.},
 journal = {Spine Journal},
 number = {9},
 pages = {1285-1296},
 title = {Lumbar muscle structure and function in chronic versus recurrent low back pain: a cross-sectional study},
 volume = {17},
 year = {2017}
}

