@article{De2020,
 author = {Willaert, W. and Malfliet, A. and Coppieters, I. and Lenoir, D. and De Pauw, R. and Danneels, L. and Roussel, N. and Meeus, M. and Cagnie, B. and Nijs, J. and Kregel, J.},
 journal = {Pain Practice},
 number = {6},
 pages = {600-614},
 title = {Does Pain Neuroscience Education and Cognition-Targeted Motor Control Training Improve Cervical Motor Output? Secondary Analysis of a Randomized Clinical Trial},
 volume = {20},
 year = {2020}
}

