@article{Robby_De_Pauw_74969820,
 author = {Robby De Pauw},
 doi = {10.1080/09638288.2020.1760948},
 issn = {0963-8288},
 journal = {Disability and Rehabilitation},
 title = {Reliability and discriminative validity of a screening tool for the assessment of neuromuscular control and movement control in patients with neck pain and healthy individuals},
 url = {http://doi.org/10.1080/09638288.2020.1760948},
 year = {2020}
}

