@inproceedings{8544909,
 articleno = {abstract P13},
 author = {Goubert, Dorien and Meeus, Mira and Willems, Tine and De Pauw, Robby and Coppieters, Iris and Crombez, Geert and Danneels, Lieven},
 booktitle = {Back to specific low back pain : 8th biennial congress of the Belgian Back Society : programma/programme and abstracts},
 language = {eng},
 location = {Hasselt, Belgium},
 pages = {abstract P13:52--abstract P13:52},
 publisher = {BBS (Belgian Back Society)},
 title = {Is there a relationship between muscle characteristics and pain mechanisms in low back pain : an explorative study},
 year = {2016}
}

