@article{8691830,
 articleno = {102325},
 author = {De Pauw, Robby and Dewitte, Vincent and de Hertogh, Willem and Cnockaert, Elise and Chys, Marjolein and Cagnie, Barbara},
 issn = {2468-7812},
 journal = {MUSCULOSKELETAL SCIENCE AND PRACTICE},
 language = {eng},
 pages = {8},
 title = {Consensus among musculoskeletal experts for the management of patients with headache by physiotherapists? A Delphi study},
 url = {http://dx.doi.org/10.1016/j.msksp.2021.102325},
 volume = {52},
 year = {2021}
}

