@article{Robby_De_Pauw_74969844,
 author = {Robby De Pauw},
 doi = {10.1097/j.pain.0000000000001762},
 issn = {0304-3959},
 journal = {PAIN},
 title = {Hub disruption in patients with chronic neck pain},
 url = {http://doi.org/10.1097/j.pain.0000000000001762},
 year = {2020}
}

