@article{coppieters2018differences,
 author = {Coppieters, Iris and De Pauw, Robby and Caeyenberghs, Karen and Lenoir, Dorine and DeBlaere, Karel and Genbrugge, Eva and Meeus, Mira and Cagnie, Barbara},
 journal = {Human brain mapping},
 number = {4},
 pages = {1721--1742},
 publisher = {Wiley Online Library},
 title = {Differences in white matter structure and cortical thickness between patients with traumatic and idiopathic chronic neck pain: Associations with cognition and pain modulation?},
 volume = {39},
 year = {2018}
}

