@inproceedings{coppietersaltered,
 author = {Coppieters, Iris and De Pauw, Robby and Caeyenberghs, Karen and Cagnie, Barbara and Danneels, Lieven and Meeus, Mira},
 title = {ALTERED GREY MATTER MORPHOLOGY OF PAIN PROCESSING REGIONS IN CHRONIC WHIPLASH PATIENTS: PRELIMINARY RESULTS}
}

