@conference{Robby_De_Pauw_60997977,
 author = {Robby De Pauw and Robby De Pauw},
 doi = {10.26226/morressier.5d4434d506f5c40fc448233a},
 journal = {EFIC Congress 2019 - Pain in Europe XI},
 title = {HUB DISRUPTION IN PATIENTS WITH CHRONIC NECK PAIN: A GRAPH ANALYTICAL APPROACH},
 url = {http://doi.org/10.26226/morressier.5d4434d506f5c40fc448233a},
 year = {2019}
}

