@article{goubert2017lumbar,
 author = {Goubert, Dorien and De Pauw, Robby and Meeus, Mira and Willems, Tine and Cagnie, Barbara and Schouppe, Stijn and Van Oosterwijck, Jessica and Dhondt, Evy and Danneels, Lieven},
 journal = {The Spine Journal},
 number = {9},
 pages = {1285--1296},
 publisher = {Elsevier},
 title = {Lumbar muscle structure and function in chronic versus recurrent low back pain: a cross-sectional study},
 volume = {17},
 year = {2017}
}

