@article{de2015does,
 author = {De Pauw, R and Coppieters, I and Kregel, J and De Meulemeester, K and Danneels, L and Cagnie, B},
 journal = {Manual therapy},
 publisher = {Churchill Livingstone},
 title = {Does muscle morphology change in chronic neck pain patients?--A systematic review},
 year = {2015}
}

